<?xml version="1.0" encoding="UTF-8"?><collection xmlns="http://www.loc.gov/MARC21/slim"><record><leader>00408nam--2200145-i-4500</leader><controlfield tag="001">000037820</controlfield><controlfield tag="002">20161230</controlfield><controlfield tag="005">20161230201041</controlfield><controlfield tag="008">060222s1000------------r-----000-0-eng-d</controlfield><datafield ind1=" " ind2=" " tag="040"><subfield code="a">IFIN-HH</subfield></datafield><datafield ind1="1" ind2=" " tag="100"><subfield code="a">Armer,Paul</subfield></datafield><datafield ind1="1" ind2="0" tag="245"><subfield code="a">A MILLION RANDON DIGITS WITH 100.000 NORMAL DEVIATES by the RAND Corporation</subfield></datafield><datafield ind1=" " ind2=" " tag="260"><subfield code="a">GLENCOE, FREE PRESS, 1955,200 p</subfield></datafield><datafield ind1=" " ind2=" " tag="852"><subfield code="a">13124</subfield><subfield code="c">518.2</subfield></datafield><datafield ind1=" " ind2=" " tag="CAT"><subfield code="a">Sys</subfield><subfield code="c">20090925</subfield><subfield code="h">073851</subfield></datafield></record></collection>